<record><leader>00000cas a22000007a 4500</leader><controlfield tag="001">15128402</controlfield><controlfield tag="008">870129d18881uuutxuuu ne      0    0eng d</controlfield><datafield ind1=" " ind2=" " tag="010"><subfield code="a">sn 86090633 </subfield></datafield><datafield ind1=" " ind2=" " tag="040"><subfield code="a">PPM</subfield><subfield code="b">eng</subfield><subfield code="c">PPM</subfield><subfield code="d">OCLCQ</subfield></datafield><datafield ind1=" " ind2=" " tag="042"><subfield code="a">msc</subfield></datafield><datafield ind1="0" ind2="0" tag="245"><subfield code="a">Scurry County citizen.</subfield></datafield><datafield ind1=" " ind2=" " tag="260"><subfield code="a">Snyder, Tex. :</subfield><subfield code="b">J.W. Smith</subfield></datafield><datafield ind1="1" ind2=" " tag="362"><subfield code="a">Began in 1888?</subfield></datafield><datafield ind1=" " ind2=" " tag="588"><subfield code="a">Description based on: Vol. 3, no. ? (Dec. 27, 1890).</subfield></datafield><datafield ind1=" " ind2=" " tag="752"><subfield code="a">United States</subfield><subfield code="b">Texas</subfield><subfield code="c">Scurry</subfield><subfield code="d">Snyder.</subfield></datafield></record>